% This file was created with JabRef 2.5.
% Encoding: UTF-8

@article{eagle2006reality,
  title={Reality mining: sensing complex social systems},
  author={Eagle, Nathan and Pentland, Alex},
  journal={Personal and ubiquitous computing},
  volume={10},
  number={4},
  pages={255--268},
  year={2006},
  publisher={Springer-Verlag}
}

@inproceedings{rachuri2010emotionsense,
  title={EmotionSense: a mobile phones based adaptive platform for experimental social psychology research},
  author={Rachuri, Kiran K and Musolesi, Mirco and Mascolo, Cecilia and Rentfrow, Peter J and Longworth, Chris and Aucinas, Andrius},
  booktitle={Proceedings of the 12th ACM international conference on Ubiquitous computing},
  pages={281--290},
  year={2010},
  organization={ACM}
}

@incollection{miluzzo2007cenceme,
  title={CenceMe--injecting sensing presence into social networking applications},
  author={Miluzzo, Emiliano and Lane, Nicholas D and Eisenman, Shane B and Campbell, Andrew T},
  booktitle={Smart Sensing and Context},
  pages={1--28},
  year={2007},
  publisher={Springer}
}

@inproceedings{dong2011modeling,
  title={Modeling the co-evolution of behaviors and social relationships using mobile phone data},
  author={Dong, Wen and Lepri, Bruno and Pentland, Alex Sandy},
  booktitle={Proceedings of the 10th International Conference on Mobile and Ubiquitous Multimedia},
  pages={134--143},
  year={2011},
  organization={ACM}
}

@inproceedings{thiagarajan2009vtrack,
  title={VTrack: accurate, energy-aware road traffic delay estimation using mobile phones},
  author={Thiagarajan, Arvind and Ravindranath, Lenin and LaCurts, Katrina and Madden, Samuel and Balakrishnan, Hari and Toledo, Sivan and Eriksson, Jakob},
  booktitle={Proceedings of the 7th ACM Conference on Embedded Networked Sensor Systems},
  pages={85--98},
  year={2009},
  organization={ACM}
}

@article{kanjo2010noisespy,
  title={NoiseSPY: a real-time mobile phone platform for urban noise monitoring and mapping},
  author={Kanjo, Eiman},
  journal={Mobile Networks and Applications},
  volume={15},
  number={4},
  pages={562--574},
  year={2010},
  publisher={Springer-Verlag New York, Inc.}
}

@article{aharony2011social,
  title={Social fMRI: Investigating and shaping social mechanisms in the real world},
  author={Aharony, Nadav and Pan, Wei and Ip, Cory and Khayal, Inas and Pentland, Alex},
  journal={Pervasive and Mobile Computing},
  volume={7},
  number={6},
  pages={643--659},
  year={2011},
  publisher={Elsevier}
}

@inproceedings{wang2014studentlife,
  title={StudentLife: assessing mental health, academic performance and behavioral trends of college students using smartphones},
  author={Wang, Rui and Chen, Fanglin and Chen, Zhenyu and Li, Tianxing and Harari, Gabriella and Tignor, Stefanie and Zhou, Xia and Ben-Zeev, Dror and Campbell, Andrew T},
  booktitle={Proceedings of the 2014 ACM International Joint Conference on Pervasive and Ubiquitous Computing},
  pages={3--14},
  year={2014},
  organization={ACM}
}

@article{stopczynski2014measuring,
  title={Measuring large-scale social networks with high resolution},
  author={Stopczynski, Arkadiusz and Sekara, Vedran and Sapiezynski, Piotr and Cuttone, Andrea and Madsen, Mette My and Larsen, Jakob Eg and Lehmann, Sune},
  journal={PloS one},
  volume={9},
  number={4},
  pages={e95978},
  year={2014},
  publisher={Public Library of Science}
}

@article{granovetter1973strength,
  title={The strength of weak ties},
  author={Granovetter, Mark S},
  journal={American journal of sociology},
  pages={1360--1380},
  year={1973},
  publisher={JSTOR}
}

@book{burt2009structural,
  title={Structural holes: The social structure of competition},
  author={Burt, Ronald S},
  year={2009},
  publisher={Harvard university press}
}

@article{carruthers2007illusion,
  title={The illusion of conscious will},
  author={Carruthers, Peter},
  journal={Synthese},
  volume={159},
  number={2},
  pages={197--213},
  year={2007},
  publisher={Springer}
}

@article{burrows2000virtual,
  title={Virtual community care? Social policy and the emergence of computer mediated social support},
  author={Burrows, Roger and Nettleton, Sarah and Pleace, Nicholas and Loader, Brian and Muncer, Steven},
  journal={Information, Communication \& Society},
  volume={3},
  number={1},
  pages={95--121},
  year={2000},
  publisher={Taylor \& Francis}
}

@article{coles1999monoclonal,
  title={Monoclonal antibody treatment exposes three mechanisms underlying the clinical course of multiple sclerosis},
  author={Coles, Alasdair J and Wing, Mark G and Molyneux, Paul and Paolillo, Andrea and Davie, Charlie M and Hale, Geoff and Miller, David and Waldmann, Hermann and Compston, Alastair},
  journal={Annals of neurology},
  volume={46},
  number={3},
  pages={296--304},
  year={1999}
}

@article{petroczi2007measuring,
  title={Measuring tie-strength in virtual social networks},
  author={Petr{\'o}czi, Andrea and Nepusz, Tam{\'a}s and Bazs{\'o}, F{\"u}l{\"o}p},
  journal={Connections},
  volume={27},
  number={2},
  pages={39--52},
  year={2007}
}

@article{pentland2009inferring,
  title={Inferring social network structure using mobile phone data},
  author={Pentland, A and Eagle, N and Lazer, D},
  journal={Proceedings of the National Academy of Sciences (PNAS)},
  volume={106},
  number={36},
  pages={15274--15278},
  year={2009}
}

@inproceedings{mtibaa2008you,
  title={Are you moved by your social network application?},
  author={Mtibaa, Abderrahmen and Chaintreau, Augustin and LeBrun, Jason and Oliver, Earl and Pietilainen, Anna-Kaisa and Diot, Christophe},
  booktitle={Proceedings of the first workshop on Online social networks},
  pages={67--72},
  year={2008},
  organization={ACM}
}

@inproceedings{crandall2008feedback,
  title={Feedback effects between similarity and social influence in online communities},
  author={Crandall, David and Cosley, Dan and Huttenlocher, Daniel and Kleinberg, Jon and Suri, Siddharth},
  booktitle={Proceedings of the 14th ACM SIGKDD international conference on Knowledge discovery and data mining},
  pages={160--168},
  year={2008},
  organization={ACM}
}

@article{ma2014effective,
  title={Effective social relationship measurement based on user trajectory analysis},
  author={Ma, Chao and Cao, Jiannong and Yang, Lei and Ma, Jun and He, Yanxiang},
  journal={Journal of Ambient Intelligence and Humanized Computing},
  volume={5},
  number={1},
  pages={39--50},
  year={2014},
  publisher={Springer}
}

@article{kalman1960new,
  title={A new approach to linear filtering and prediction problems},
  author={Kalman, Rudolph Emil},
  journal={Journal of Fluids Engineering},
  volume={82},
  number={1},
  pages={35--45},
  year={1960},
  publisher={American Society of Mechanical Engineers}
}

@inproceedings{pang2006introduction,
  title={Introduction to data mining},
  author={Pang-Ning, Tan and Steinbach, Michael and Kumar, Vipin and others},
  booktitle={Library of Congress},
  pages={74},
  year={2006}
}

@inproceedings{macqueen1967some,
  title={Some methods for classification and analysis of multivariate observations},
  author={MacQueen, James and others},
  booktitle={Proceedings of the fifth Berkeley symposium on mathematical statistics and probability},
  volume={1},
  number={14},
  pages={281--297},
  year={1967},
  organization={Oakland, CA, USA.}
}

@article{zhou2007discovering,
  title={Discovering personally meaningful places: An interactive clustering approach},
  author={Zhou, Changqing and Frankowski, Dan and Ludford, Pamela and Shekhar, Shashi and Terveen, Loren},
  journal={ACM Transactions on Information Systems (TOIS)},
  volume={25},
  number={3},
  pages={12},
  year={2007},
  publisher={ACM}
}

@article{rodriguez2014clustering,
  title={Clustering by fast search and find of density peaks},
  author={Rodriguez, Alex and Laio, Alessandro},
  journal={Science},
  volume={344},
  number={6191},
  pages={1492--1496},
  year={2014},
  publisher={American Association for the Advancement of Science}
}

@article{festinger1977leon,
  title={Leon Festinger},
  author={Festinger, Leon},
  journal={Selective Exposure Theory},
  pages={14},
  year={1977}
}

@article{zajonc1968attitudinal,
  title={Attitudinal effects of mere exposure.},
  author={Zajonc, Robert B},
  journal={Journal of personality and social psychology},
  volume={9},
  number={2p2},
  pages={1},
  year={1968},
  publisher={American Psychological Association}
}

@inproceedings{levenshtein1966binary,
  title={Binary codes capable of correcting deletions, insertions, and reversals},
  author={Levenshtein, Vladimir I},
  booktitle={Soviet physics doklady},
  volume={10},
  number={8},
  pages={707--710},
  year={1966}
}

@inproceedings{chen2005robust,
  title={Robust and fast similarity search for moving object trajectories},
  author={Chen, Lei and {\"O}zsu, M Tamer and Oria, Vincent},
  booktitle={Proceedings of the 2005 ACM SIGMOD international conference on Management of data},
  pages={491--502},
  year={2005},
  organization={ACM}
}

@inproceedings{chen2004marriage,
  title={On the marriage of lp-norms and edit distance},
  author={Chen, Lei and Ng, Raymond},
  booktitle={Proceedings of the Thirtieth international conference on Very large data bases-Volume 30},
  pages={792--803},
  year={2004},
  organization={VLDB Endowment}
}

@inproceedings{itakura1987distance,
  title={Distance measure for speech recognition based on the smoothed group delay spectrum},
  author={Itakura, Fumitada and Umezaki, Taizo},
  booktitle={Acoustics, Speech, and Signal Processing, IEEE International Conference on ICASSP'87.},
  volume={12},
  pages={1257--1260},
  year={1987},
  organization={IEEE}
}

@inproceedings{berndt1994using,
  title={Using Dynamic Time Warping to Find Patterns in Time Series.},
  author={Berndt, Donald J and Clifford, James},
  booktitle={KDD workshop},
  volume={10},
  number={16},
  pages={359--370},
  year={1994},
  organization={Seattle, WA}
}

@inproceedings{ratanamahatana2004everything,
  title={Everything you know about dynamic time warping is wrong},
  author={Ratanamahatana, Chotirat Ann and Keogh, Eamonn},
  booktitle={Third Workshop on Mining Temporal and Sequential Data},
  year={2004},
  organization={Citeseer}
}

@book{cover2012elements,
  title={Elements of information theory},
  author={Cover, Thomas M and Thomas, Joy A},
  year={2012},
  publisher={John Wiley \& Sons}
}

@article{kontoyiannis1998nonparametric,
  title={Nonparametric entropy estimation for stationary processes and random fields, with applications to English text},
  author={Kontoyiannis, Ioannis and Algoet, Paul H and Suhov, Yu M and Wyner, Abraham J},
  journal={Information Theory, IEEE Transactions on},
  volume={44},
  number={3},
  pages={1319--1327},
  year={1998},
  publisher={IEEE}
}

@article{mcinerney2013breaking,
  title={Breaking the habit: Measuring and predicting departures from routine in individual human mobility},
  author={McInerney, James and Stein, Sebastian and Rogers, Alex and Jennings, Nicholas R},
  journal={Pervasive and Mobile Computing},
  volume={9},
  number={6},
  pages={808--822},
  year={2013},
  publisher={Elsevier}
}

@article{singelis1994measurement,
  title={The measurement of independent and interdependent self-construals},
  author={Singelis, Theodore M},
  journal={Personality and Social Psychology Bulletin},
  volume={20},
  number={5},
  pages={580--591},
  year={1994},
  publisher={Sage Publications}
}

@inproceedings{farrahi2008did,
  title={What did you do today?: discovering daily routines from large-scale mobile data},
  author={Farrahi, Katayoun and Gatica-Perez, Daniel},
  booktitle={Proceedings of the 16th ACM international conference on Multimedia},
  pages={849--852},
  year={2008},
  organization={ACM}
}

@article{blei2003latent,
  title={Latent dirichlet allocation},
  author={Blei, David M and Ng, Andrew Y and Jordan, Michael I},
  journal={the Journal of machine Learning research},
  volume={3},
  pages={993--1022},
  year={2003},
  publisher={JMLR. org}
}

@misc{mikolovword2vec,
  title={word2vec (2013)},
  author={Mikolov, GCT and Chen, K and Dean, J}
}

@misc{peghotyw2v,
  author = {peghoty},
  title = {{word2vec}},
  howpublished = {\url{http://www.cnblogs.com/peghoty/p/3857839.html}},
  year = 2014,
}

@article{rawassizadeh2013ubiqlog,
  title={UbiqLog: a generic mobile phone-based life-log framework},
  author={Rawassizadeh, Reza and Tomitsch, Martin and Wac, Katarzyna and Tjoa, A Min},
  journal={Personal and ubiquitous computing},
  volume={17},
  number={4},
  pages={621--637},
  year={2013},
  publisher={Springer}
}

@misc{wikiInversion,
  author = {wiki},
  title = {{Inversion}},
  howpublished = {\url{http://en.wikipedia.org/w/index.php?title=Inversion_(discrete_mathematics)&oldid=650315847}},
  year = 2014,
}







@article{starner1996human,
  title={Human-powered wearable computing},
  author={Starner, Thad},
  journal={IBM systems Journal},
  volume={35},
  number={3.4},
  pages={618--629},
  year={1996},
  publisher={IBM}
}

@inproceedings{cheng2012inferring,
  title={Inferring user relationship from hidden information in wlans},
  author={Cheng, Ningning and Mohapatra, Prasant and Cunche, Mathieu and Kaafar, Mohamed Ali and Boreli, Roksana and Krishnamurthy, Srikanth},
  booktitle={MILCOM 2012-2012 IEEE Military Communications Conference},
  pages={1--6},
  year={2012},
  organization={IEEE}
}

@article{eagle2006reality,
  title={Reality mining: sensing complex social systems},
  author={Eagle, Nathan and Pentland, Alex Sandy},
  journal={Personal and ubiquitous computing},
  volume={10},
  number={4},
  pages={255--268},
  year={2006},
  publisher={Springer}
}

@inproceedings{min2013mining,
  title={Mining smartphone data to classify life-facets of social relationships},
  author={Min, Jun-Ki and Wiese, Jason and Hong, Jason I and Zimmerman, John},
  booktitle={Proceedings of the 2013 conference on Computer supported cooperative work},
  pages={285--294},
  year={2013},
  organization={ACM}
}

@article{pentland2009inferring,
  title={Inferring social network structure using mobile phone data},
  author={Pentland, A and Eagle, N and Lazer, D},
  journal={Proceedings of the National Academy of Sciences (PNAS)},
  volume={106},
  number={36},
  pages={15274--15278},
  year={2009}
}

@article{zhang2011emergence,
  title={The emergence of social and community intelligence},
  author={Zhang, Daqing and Guo, Bin and Yu, Zhiwen},
  journal={Computer},
  volume={44},
  number={7},
  pages={21--28},
  year={2011},
  publisher={Institute of Electrical and Electronics Engineers, Inc., 3 Park Avenue, 17 th Fl New York NY 10016-5997 United States}
}

@inproceedings{miluzzo2007cenceme,
  title={CenceMe--injecting sensing presence into social networking applications},
  author={Miluzzo, Emiliano and Lane, Nicholas D and Eisenman, Shane B and Campbell, Andrew T},
  booktitle={European Conference on Smart Sensing and Context},
  pages={1--28},
  year={2007},
  organization={Springer}
}

@inproceedings{wang2014studentlife,
  title={StudentLife: assessing mental health, academic performance and behavioral trends of college students using smartphones},
  author={Wang, Rui and Chen, Fanglin and Chen, Zhenyu and Li, Tianxing and Harari, Gabriella and Tignor, Stefanie and Zhou, Xia and Ben-Zeev, Dror and Campbell, Andrew T},
  booktitle={Proceedings of the 2014 ACM International Joint Conference on Pervasive and Ubiquitous Computing},
  pages={3--14},
  year={2014},
  organization={ACM}
}

@inproceedings{wang2015smartgpa,
  title={SmartGPA: how smartphones can assess and predict academic performance of college students},
  author={Wang, Rui and Harari, Gabriella and Hao, Peilin and Zhou, Xia and Campbell, Andrew T},
  booktitle={Proceedings of the 2015 ACM International Joint Conference on Pervasive and Ubiquitous Computing},
  pages={295--306},
  year={2015},
  organization={ACM}
}

@article{granovetter1973strength,
  title={The strength of weak ties},
  author={Granovetter, Mark S},
  journal={American journal of sociology},
  pages={1360--1380},
  year={1973},
  publisher={JSTOR}
}

@article{haythornthwaite2002strong,
  title={Strong, weak, and latent ties and the impact of new media},
  author={Haythornthwaite, Caroline},
  journal={The information society},
  volume={18},
  number={5},
  pages={385--401},
  year={2002},
  publisher={Taylor \& Francis}
}

@article{gustafson2012extracting,
  title={Extracting and Measuring Relationship Strength in Social Networks},
  author={Gustafson, Steven and Moitra, Abha},
  year={2012}
}

@inproceedings{khadangi2013measuring,
  title={Measuring relationship strength in online social networks based on users' activities and profile information},
  author={Khadangi, Ehsan and Zarean, Ali and Bagheri, Alireza and Jafarabadi, Ali Bagheri},
  booktitle={Computer and Knowledge Engineering (ICCKE), 2013 3th International eConference on},
  pages={461--465},
  year={2013},
  organization={IEEE}
}

@article{zhao2012relationship,
  title={Relationship strength estimation for online social networks with the study on Facebook},
  author={Zhao, Xiaojian and Yuan, Jin and Li, Guangda and Chen, Xiaoming and Li, Zhoujun},
  journal={Neurocomputing},
  volume={95},
  pages={89--97},
  year={2012},
  publisher={Elsevier}
}

@book{zillmann2013selective,
  title={Selective exposure to communication},
  author={Zillmann, Dolf and Bryant, Jennings},
  year={2013},
  publisher={Routledge}
}

@inproceedings{lee2007trajectory,
  title={Trajectory clustering: a partition-and-group framework},
  author={Lee, Jae-Gil and Han, Jiawei and Whang, Kyu-Young},
  booktitle={Proceedings of the 2007 ACM SIGMOD international conference on Management of data},
  pages={593--604},
  year={2007},
  organization={ACM}
}

@inproceedings{li2008mining,
  title={Mining user similarity based on location history},
  author={Li, Quannan and Zheng, Yu and Xie, Xing and Chen, Yukun and Liu, Wenyu and Ma, Wei-Ying},
  booktitle={Proceedings of the 16th ACM SIGSPATIAL international conference on Advances in geographic information systems},
  pages={34},
  year={2008},
  organization={ACM}
}

@article{lu2011mining,
  title={Mining cluster-based temporal mobile sequential patterns in location-based service environments},
  author={Lu, Eric Hsueh-Chan and Tseng, Vincent S and Philip, S Yu},
  journal={IEEE Transactions on Knowledge and Data Engineering},
  volume={23},
  number={6},
  pages={914--927},
  year={2011},
  publisher={IEEE}
}

@article{zheng2011recommending,
  title={Recommending friends and locations based on individual location history},
  author={Zheng, Yu and Zhang, Lizhu and Ma, Zhengxin and Xie, Xing and Ma, Wei-Ying},
  journal={ACM Transactions on the Web (TWEB)},
  volume={5},
  number={1},
  pages={5},
  year={2011},
  publisher={ACM}
}

@article{zajonc1968attitudinal,
  title={Attitudinal effects of mere exposure.},
  author={Zajonc, Robert B},
  journal={Journal of personality and social psychology},
  volume={9},
  number={2p2},
  pages={1},
  year={1968},
  publisher={American Psychological Association}
}

@article{zillmann2000mood,
  title={Mood management in the context of selective exposure theory},
  author={Zillmann, Dolf},
  journal={Annals of the International Communication Association},
  volume={23},
  number={1},
  pages={103--123},
  year={2000},
  publisher={Taylor \& Francis}
}

@inproceedings{hsu2007mining,
  title={Mining behavioral groups in large wireless LANs},
  author={Hsu, Wei-jen and Dutta, Debojyoti and Helmy, Ahmed},
  booktitle={Proceedings of the 13th annual ACM international conference on Mobile computing and networking},
  pages={338--341},
  year={2007},
  organization={ACM}
}

@article{eagle2009inferring,
  title={Inferring friendship network structure by using mobile phone data},
  author={Eagle, Nathan and Pentland, Alex Sandy and Lazer, David},
  journal={Proceedings of the national academy of sciences},
  volume={106},
  number={36},
  pages={15274--15278},
  year={2009},
  publisher={National Acad Sciences}
}

@inproceedings{zheng2013unsupervised,
  title={An unsupervised learning approach to social circles detection in ego bluetooth proximity network},
  author={Zheng, Jiangchuan and Ni, Lionel M},
  booktitle={Proceedings of the 2013 ACM international joint conference on Pervasive and ubiquitous computing},
  pages={721--724},
  year={2013},
  organization={ACM}
}

@inproceedings{do2011groupus,
  title={Groupus: Smartphone proximity data and human interaction type mining},
  author={Do, Trinh Minh Tri and Gatica-Perez, Daniel},
  booktitle={2011 15th Annual International Symposium on Wearable Computers},
  pages={21--28},
  year={2011},
  organization={IEEE}
}
@article{zheng2015trajectory,
  title={Trajectory data mining: an overview},
  author={Zheng, Yu},
  journal={ACM Transactions on Intelligent Systems and Technology (TIST)},
  volume={6},
  number={3},
  pages={29},
  year={2015},
  publisher={ACM}
}

@inproceedings{itakura1987distance,
  title={Distance measure for speech recognition based on the smoothed group delay spectrum},
  author={Itakura, Fumitada and Umezaki, Taizo},
  booktitle={Acoustics, Speech, and Signal Processing, IEEE International Conference on ICASSP'87.},
  volume={12},
  pages={1257--1260},
  year={1987},
  organization={IEEE}
}

@article{gonzalez2008understanding,
  title={Understanding individual human mobility patterns},
  author={Gonzalez, Marta C and Hidalgo, Cesar A and Barabasi, Albert-Laszlo},
  journal={Nature},
  volume={453},
  number={7196},
  pages={779--782},
  year={2008},
  publisher={Nature Publishing Group}
}

@article{wegmann2002image,
  title={Image orientation by combined (A) AT with GPS and IMU},
  author={Wegmann, Helge},
  journal={INTERNATIONAL ARCHIVES OF PHOTOGRAMMETRY REMOTE SENSING AND SPATIAL INFORMATION SCIENCES},
  volume={34},
  number={1},
  pages={278--283},
  year={2002},
  publisher={NATURAL RESOURCES CANADA}
}

@book{zheng2011computing,
  title={Computing with spatial trajectories},
  author={Zheng, Yu and Zhou, Xiaofang},
  year={2011},
  publisher={Springer Science \& Business Media}
}

@inproceedings{ester1996density,
  title={A density-based algorithm for discovering clusters in large spatial databases with noise.},
  author={Ester, Martin and Kriegel, Hans-Peter and Sander, J{\"o}rg and Xu, Xiaowei and others},
  booktitle={Kdd},
  volume={96},
  number={34},
  pages={226--231},
  year={1996}
}

@inproceedings{liu2012similarity,
  title={Similarity measurement of moving object trajectories},
  author={Liu, Hechen and Schneider, Markus},
  booktitle={Proceedings of the Third ACM SIGSPATIAL International Workshop on GeoStreaming},
  pages={19--22},
  year={2012},
  organization={ACM}
}
